@book{harris2008gray, 
	title={Gray hat hacking: the ethical hacker's handbook}, 
	author={Harris, Shon and Harper, Allen and Eagle, Chris and
                  Ness, Jonathan and Lester, Michael},
	year={2008}, 
	publisher={McGraw-Hill, Maidenhead} }

@book{harper2011gray, 
	title={Gray hat hacking: the ethical hackers handbook}, 
	author={Harper, Allen and Harris, Shon and Ness, Jonathan and
                  Eagle, Chris and Lenkey, Gideon and Williams,
                  Terron}, 
	year={2011}, 
	publisher={McGraw-Hill, Osborne Media}}

@book{engebretson2013basics, 
	title={The basics of hacking and penetration testing: ethical
                  hacking and penetration testing made easy}, 
	author={Engebretson, Patrick},
	year={2013}, 
	publisher={Elsevier}}

@article{palmer2001ethical,
  title={Ethical hacking},
  author={Palmer, Charles C.},
  journal={IBM Systems Journal},
  volume={40},
  number={3},
  pages={769--780},
  year={2001},
  publisher={IBM}
}

@inproceedings{smith2002ethical,
  title={Ethical Hacking: the security justification redux},
  author={Smith, Bryan and Yurcik, William and Doss, David},
  booktitle={International Symposium on Technology and Society, 2002
                  (ISTAS'02)},
  pages={374--379},
  year={2002},
  organization={IEEE}
}

@book{sobell2015practical,
	title={A practical guide to Ubuntu Linux},
	author={Sobell, Mark G.},
	year={2015},
	publisher={Pearson Education}
}

@book{barrett2016linux,
	title={Linux Pocket Guide: Essential Commands},
	author={Barrett, Daniel J},
	year={2016},
	publisher={O'Reilly Media, Inc.}
}

@book{loeliger2012,
	title={Version Control with Git:
	Powerful tools and techniques for collaborative software
	development}, 
	author={Loeliger, Jon and McCullough,
	Matthew}, 
	year={2012}, 
	publisher={O'Reilly Media, Inc.} 
}

@inproceedings{van2007python,
  title={Python Programming Language.},
  author={Van Rossum, Guido and others},
  booktitle={USENIX Annual Technical Conference},
  volume={41},
  pages={36},
  year={2007}
}

@book{lutz2013learning,
  title={Learning Python: Powerful Object-Oriented Programming},
  author={Lutz, Mark},
  edition={5},
  year={2013},
  publisher={O'Reilly Media,Inc.}
}

@book{lutz2010programming,
  title={Programming python},
  author={Lutz, Mark},
  edition={4},
  year={2010},
  publisher={O'Reilly Media,Inc.}
}

